00596cas a22002291a 4500
001 999287543502836
003 Nz
005 20161223152958.0
008 031223d19351936nz  r ne      0   0 eng d
035    $a (NLNZils)928754
035    $a (Nz)8142249
035    $a (NLNZils)928754-ilsdb
035    $a (OCoLC)173421265
040    $a WN $c WN
042    $a nznb
043    $a u-nz---
245 00 $a Gisborne courier.
260    $a [Gisborne, N.Z. : $b s.n., $c 1935-1936]
310    $a Weekly
362 0  $a 1935 Nov.21-1936 Oct.22
651  0 $a Gisborne (N.Z.) $v Newspapers.
655  7 $a New Zealand newspapers. $2 local $5 Nz
